@Inproceedings{PaperPost1,
	address = {Qu{\'e}bec, Canada},
	booktitle = {International Conference on Industrial Engineering and Production Management (IEPMâ€™01)},
	keywords = {Distributed simulation, Multiagent Systems, Methodology, Systemic},
	month = {jul},
	pdf = {/extensions/ICAPManager/pdf/GallandGrimaudBeauneCampagne2001{\string_}1.pdf},
	year = {2001},
	title = {A study case with a methodological approach for complex and distributed industrial system simulation},
	author = {Galland, St{\'e}phane and Grimaud, Fr{\'e}d{\'e}ric and Beaune, Philippe and Campagne, Jean-pierre},
}

