@Article{PaperPre1,
	doi = {10.1007/s10458-009-9099-4},
	journal = {Autonomous Agents and Multi-Agent Systems},
	month = mar,
	number = {2},
	pages = {260-304},
	publisher = {Springer},
	volume = {2},
	year = 2010,
	title = {{ASPECS}: an agent-oriented software process for engineering complex systems - How to design agent societies under a holonic perspective},
	author = {Cossentino, Massimo and Gaud, Nicolas and Hilaire, Vincent and Galland, St{\'e}phane and Koukam, Abderrafiaa},
}

